@inbook{searle, place={Cambridge}, series={Contemporary Philosophy in Focus}, title={The Chinese Room Argument}, booktitle={John Searle}, publisher={Cambridge University Press}, author={Moural, Josef}, editor={Smith, BarryEditor}, year={2003}, pages={214–260}, collection={Contemporary Philosophy in Focus}}

@book{boden1990philosophy,
  title={The philosophy of artificial intelligence},
  author={Boden, Margaret A},
  year={1990},
  publisher={Oxford University Press, Inc.}
}

@article{maudlin1989,
  title={Computation and consciousness},
  author={Maudlin, Tim},
  journal={The Journal of Philosophy},
  volume={86},
  number={8},
  pages={407--432},
  year={1989},
  publisher={JSTOR}
}


@article{schwitzgebel2014,
  title = {If materialism is true,  the United States is probably conscious},
  volume = {172},
  ISSN = {1573-0883},
  url = {http://dx.doi.org/10.1007/s11098-014-0387-8},
  DOI = {10.1007/s11098-014-0387-8},
  number = {7},
  journal = {Philosophical Studies},
  publisher = {Springer Science and Business Media LLC},
  author = {Schwitzgebel,  Eric},
  year = {2014},
  month = oct,
  pages = {1697–1721}
}

@article{vogel2023,
  title = {SFILES 2.0: an extended text-based flowsheet representation},
  volume = {24},
  ISSN = {1573-2924},
  url = {http://dx.doi.org/10.1007/s11081-023-09798-9},
  DOI = {10.1007/s11081-023-09798-9},
  number = {4},
  journal = {Optimization and Engineering},
  publisher = {Springer Science and Business Media LLC},
  author = {Vogel,  Gabriel and Hirtreiter,  Edwin and Schulze Balhorn,  Lukas and Schweidtmann,  Artur M.},
  year = {2023},
  month = may,
  pages = {2911–2933}
}
