@article{Kanarik2023,
  doi = {10.1038/s41586-023-05773-7},
  year = {2023},
  month = mar,
  publisher = {Springer Science and Business Media {LLC}},
  volume = {616},
  number = {7958},
  pages = {707--711},
  author = {Keren J. Kanarik and Wojciech T. Osowiecki and Yu Lu and Dipongkar Talukder and Niklas Roschewsky and Sae Na Park and Mattan Kamon and David M. Fried and Richard A. Gottscho},
  title = {{Human-machine collaboration for improving semiconductor process development}},
  journal = {Nature}
}

@article{Liu2022,
  year = {2022},
  month = oct,
  author = {Liu, Peng},
  title = {{Human-in-the-loop Bayesian Optimization with No-Regret Guarantees}},
  note = {{Available at SSRN: \url{https://ssrn.com/abstract=4262945}}}}

@article{Ramachandran2020,
  doi = {10.1016/j.knosys.2020.105663},
  year = {2020},
  month = may,
  publisher = {Elsevier {BV}},
  volume = {195},
  pages = {105663},
  author = {Anil Ramachandran and Sunil Gupta and Santu Rana and Cheng Li and Svetha Venkatesh},
  title = {{Incorporating expert prior in Bayesian optimisation via space warping}},
  journal = {Knowl. Based Syst.}
}


@article{hvarfner2022pibo,
      title={{$\pi$BO: Augmenting Acquisition Functions with User Beliefs for Bayesian Optimization}}, 
      author={Carl Hvarfner and Danny Stoll and Artur Souza and Marius Lindauer and Frank Hutter and Luigi Nardi},
      year={2022},
      eprint={2204.11051},
      archivePrefix={arXiv},
      primaryClass={cs.LG}
}

@article{BOMuse,
  doi = {10.48550/ARXIV.2303.01684},
  author = {Gupta,  Sunil and Shilton,  Alistair and A,  Arun Kumar and Ryan,  Shannon and Abdolshah,  Majid and Le,  Hung and Rana,  Santu and Berk,  Julian and Rashid,  Mahad and Venkatesh,  Svetha},
  keywords = {Machine Learning (cs.LG),  Artificial Intelligence (cs.AI),  FOS: Computer and information sciences,  FOS: Computer and information sciences},
  title = {{BO-Muse: A human expert and AI teaming framework for accelerated experimental design}},
  publisher = {arXiv},
  year = {2023},
  copyright = {arXiv.org perpetual,  non-exclusive license}
}

@article{av2022human,
  title={{Human-AI Collaborative Bayesian Optimisation}},
  author={Kumar, Arun, A V and Rana, Santu and Shilton, Alistair and Venkatesh, Svetha},
  journal={Advances in Neural Information Processing Systems},
  volume={35},
  pages={16233--16245},
  year={2022}
}

@article{zhu1997algorithm,
  title={{Algorithm 778: L-BFGS-B: Fortran subroutines for large-scale bound-constrained optimization}},
  author={Zhu, Ciyou and Byrd, Richard H and Lu, Peihuang and Nocedal, Jorge},
  journal={ACM Transactions on mathematical software (TOMS)},
  volume={23},
  number={4},
  pages={550--560},
  year={1997},
  publisher={ACM New York, NY, USA}
}


@article{Deb2002,
  doi = {10.1109/4235.996017},
  year = {2002},
  month = apr,
  publisher = {Institute of Electrical and Electronics Engineers ({IEEE})},
  volume = {6},
  number = {2},
  pages = {182--197},
  author = {K. Deb and A. Pratap and S. Agarwal and T. Meyarivan},
  title = {{A fast and elitist multiobjective genetic algorithm: {NSGA}-{II}}},
  journal = {{IEEE} Transactions on Evolutionary Computation}
}

@article{Wang2019,
author = {Wang, Dakuo and Weisz, Justin D. and Muller, Michael and Ram, Parikshit and Geyer, Werner and Dugan, Casey and Tausczik, Yla and Samulowitz, Horst and Gray, Alexander},
title = {{Human-AI Collaboration in Data Science: Exploring Data Scientists' Perceptions of Automated AI}},
year = {2019},
issue_date = {November 2019},
publisher = {Association for Computing Machinery},
address = {New York, NY, USA},
volume = {3},
number = {CSCW},
doi = {10.1145/3359313},
journal = {Proc. ACM Hum.-Comput. Interact.},
month = {nov},
articleno = {211},
numpages = {24}}

@book{Garnett2023,
  doi = {10.1017/9781108348973},
  year = {2023},
  month = jan,
  publisher = {Cambridge University Press},
  author = {Roman Garnett},
  title = {{Bayesian Optimization}}
}

@book{seborg2016,
  title={{Process dynamics and control}},
  author={Seborg, Dale E and Edgar, Thomas F and Mellichamp, Duncan A and Doyle III, Francis J},
  year={2016},
  publisher={John Wiley \& Sons}
}



@article{reverberi2022experimental,
  title={{Experimental evidence of effective human--AI collaboration in medical decision-making}},
  author={Reverberi, Carlo and Rigon, Tommaso and Solari, Aldo and Hassan, Cesare and Cherubini, Paolo and Cherubini, Andrea},
  journal={Scientific reports},
  volume={12},
  number={1},
  pages={14952},
  year={2022},
  publisher={Nature Publishing Group UK London}
}


@incollection{Bischl2014,
  doi = {10.1007/978-3-319-09584-4_17},
  year = {2014},
  publisher = {Springer International Publishing},
  pages = {173--186},
  author = {Bernd Bischl and Simon Wessing and Nadja Bauer and Klaus Friedrichs and Claus Weihs},
  title = {{{MOI}-{MBO}: Multiobjective Infill for Parallel Model-Based Optimization}},
  booktitle = {Lecture Notes in Computer Science}
}

@article{local_pen,
  doi = {10.48550/ARXIV.1505.08052},
  author = {Gonz√°lez,  Javier and Dai,  Zhenwen and Hennig,  Philipp and Lawrence,  Neil D.},
  keywords = {Machine Learning (stat.ML),  FOS: Computer and information sciences,  FOS: Computer and information sciences},
  title = {{Batch Bayesian Optimization via Local Penalization}},
  publisher = {arXiv},
  year = {2015},
  copyright = {arXiv.org perpetual,  non-exclusive license}
}

@article{robot,
  doi = {10.48550/ARXIV.2210.10953},
  author = {Maus,  Natalie and Wu,  Kaiwen and Eriksson,  David and Gardner,  Jacob},
  keywords = {Machine Learning (cs.LG),  Artificial Intelligence (cs.AI),  FOS: Computer and information sciences,  FOS: Computer and information sciences},
  title = {{Discovering Many Diverse Solutions with Bayesian Optimization}},
  publisher = {arXiv},
  year = {2022},
  copyright = {Creative Commons Attribution 4.0 International}
}


@inproceedings{Habib2016,
  doi = {10.1109/cec.2016.7744341},
  year = {2016},
  month = jul,
  publisher = {{IEEE}},
  author = {Ahsanul Habib and Hemant Kumar Singh and Tapabrata Ray},
  title = {{A multi-objective batch infill strategy for efficient global optimization}},
  booktitle = {2016 {IEEE} Congress on Evolutionary Computation ({CEC})}
}
