@article{Jones1998,
  volume = {13},
  ISSN = {0925-5001},
  url = {http://dx.doi.org/10.1023/A:1008306431147},
  DOI = {10.1023/a:1008306431147},
  number = {4},
  journal = {Journal of Global Optimization},
  publisher = {Springer Science and Business Media LLC},
  author = {Jones,  Donald R. and Schonlau,  Matthias and Welch,  William J.},
  year = {1998},
  pages = {455â€“492}
}