@book{motte1998oulipo,
  title={Oulipo: A Primer of Potential Literature},
  author={Motte, W.F.},
  isbn={9781564781871},
  lccn={97051428},
  series={Dalkey Archive paperbacks},
  year={1998},
  publisher={Dalkey Archive Press}
}
