@inbook{CTCIME2021,
  author = {Nicholas Orme},
  booktitle = {Going to Church in Medieval England},
  publisher = {Yale University Press},
  year = {2021},
  month = aug,
  pages = {48â€“84}
}

@article{mic,
  author = {OpenAI},
  url = {https://openai.com/our-structure},
  year = {2024},
  notes = {Accessed 02/02/2024}
}


@inbook{DOM,
  author = {Tom Holland},
  booktitle = {Dominion: The Making of the Western Mind},
  publisher = {Basic Books},
  year = {2019},
}
