@misc{savage,
  doi = {10.48550/ARXIV.2308.08841},
  url = {https://arxiv.org/abs/2308.08841},
  author = {Savage,  Tom and Basha,  Nausheen and McDonough,  Jonathan and Matar,  Omar K and Chanona,  Ehecatl Antonio del Rio},
  keywords = {Computational Engineering,  Finance,  and Science (cs.CE),  Machine Learning (cs.LG),  FOS: Computer and information sciences,  FOS: Computer and information sciences},
  title = {Machine Learning-Assisted Discovery of Novel Reactor Designs},
  publisher = {arXiv},
  year = {2023},
  copyright = {Creative Commons Attribution Non Commercial Share Alike 4.0 International}
}

@misc{savage2,
  doi = {10.48550/ARXIV.2304.10203},
  url = {https://arxiv.org/abs/2304.10203},
  author = {Savage,  Tom and Chanona,  Antonio del Rio and Oluleye,  Gbemi},
  keywords = {General Economics (econ.GN),  FOS: Economics and business,  FOS: Economics and business},
  title = {Robust Market Potential Assessment: Designing optimal policies for low-carbon technology adoption in an increasingly uncertain world},
  publisher = {arXiv},
  year = {2023},
  copyright = {Creative Commons Attribution 4.0 International}
}